<record><leader>00000cas a22000007a 4500</leader><controlfield tag="001">11123676</controlfield><controlfield tag="008">840906d18581868ohuwr ne      0    0eng d</controlfield><datafield ind1=" " ind2=" " tag="010"><subfield code="a">sn 84028481 </subfield></datafield><datafield ind1=" " ind2=" " tag="040"><subfield code="a">NPY</subfield><subfield code="b">eng</subfield><subfield code="c">NPY</subfield><subfield code="d">NPX</subfield><subfield code="d">ONP</subfield><subfield code="d">MGN</subfield><subfield code="d">NVF</subfield><subfield code="d">OCLCQ</subfield></datafield><datafield ind1=" " ind2=" " tag="042"><subfield code="a">msc</subfield></datafield><datafield ind1="0" ind2="4" tag="245"><subfield code="a">The Stark County Republican.</subfield></datafield><datafield ind1=" " ind2=" " tag="260"><subfield code="a">Canton, Ohio :</subfield><subfield code="b">F.A. Meredith,</subfield><subfield code="c">-1868.</subfield></datafield><datafield ind1=" " ind2=" " tag="300"><subfield code="a">v.</subfield></datafield><datafield ind1=" " ind2=" " tag="310"><subfield code="a">Weekly</subfield></datafield><datafield ind1="1" ind2=" " tag="362"><subfield code="a">Began Nov. 12, 1858.</subfield></datafield><datafield ind1="0" ind2=" " tag="362"><subfield code="a">-v. 10, no. 52 (Nov. 5, 1868).</subfield></datafield><datafield ind1=" " ind2=" " tag="500"><subfield code="a">Editor: Josiah Hartzell, Mr. Brisbin, 1863-1866.</subfield></datafield><datafield ind1=" " ind2=" " tag="500"><subfield code="a">Publishers: W.H. Medill, &lt;1858&gt;; Josiah Hartzell, 1859-1863; Hartzell &amp; Brisbin, 1863-1866; Josiah Hartzell, 1866-1867.</subfield></datafield><datafield ind1=" " ind2=" " tag="580"><subfield code="a">Daily ed.: Daily Republican (Canton, Ohio), 1865.</subfield></datafield><datafield ind1=" " ind2=" " tag="588"><subfield code="a">Description based on: Vol. 1, no. 28 (May 20, 1859).</subfield></datafield><datafield ind1=" " ind2=" " tag="752"><subfield code="a">United States</subfield><subfield code="b">Ohio</subfield><subfield code="c">Stark</subfield><subfield code="d">Canton.</subfield></datafield><datafield ind1="1" ind2=" " tag="775"><subfield code="t">Daily Republican (Canton, Ohio)</subfield><subfield code="w">(DLC)sn 84028482</subfield></datafield><datafield ind1="0" ind2="7" tag="785"><subfield code="t">Ohio repository (Canton, Ohio : 1830)</subfield><subfield code="w">(DLC)sn 84028480</subfield></datafield><datafield ind1="0" ind2="7" tag="785"><subfield code="t">Canton repository and Republican</subfield><subfield code="w">(DLC)sn 84028484</subfield></datafield></record>